<record><leader>00000cas a22000007a 4500</leader><controlfield tag="001">13000326</controlfield><controlfield tag="008">860110c19249999utuwr ne      0    0eng d</controlfield><datafield ind1=" " ind2=" " tag="010"><subfield code="a">sn 86091001 </subfield></datafield><datafield ind1=" " ind2=" " tag="040"><subfield code="a">UNP</subfield><subfield code="b">eng</subfield><subfield code="c">UNP</subfield><subfield code="d">UBY</subfield><subfield code="d">OCLCQ</subfield><subfield code="d">OCLCF</subfield><subfield code="d">OCLCO</subfield></datafield><datafield ind1=" " ind2=" " tag="032"><subfield code="a">513060</subfield><subfield code="b">UPS</subfield></datafield><datafield ind1=" " ind2=" " tag="042"><subfield code="a">msc</subfield></datafield><datafield ind1=" " ind2=" " tag="043"><subfield code="a">n-us-ut</subfield></datafield><datafield ind1=" " ind2="4" tag="050"><subfield code="a">AN2.U8</subfield><subfield code="b">S64</subfield></datafield><datafield ind1="0" ind2=" " tag="130"><subfield code="a">Springville herald (Springville, Utah)</subfield></datafield><datafield ind1="1" ind2="4" tag="245"><subfield code="a">The Springville herald.</subfield></datafield><datafield ind1="1" ind2="3" tag="246"><subfield code="a">Springville herald and the Springville beacon</subfield><subfield code="f">Feb. 29-Oct. 17, 1924</subfield></datafield><datafield ind1=" " ind2=" " tag="260"><subfield code="a">Springville, Utah :</subfield><subfield code="b">[E.C. Rodgers &amp; T.C. Miner],</subfield><subfield code="c">1924-</subfield></datafield><datafield ind1=" " ind2=" " tag="300"><subfield code="a">v. :</subfield><subfield code="b">ill.</subfield></datafield><datafield ind1=" " ind2=" " tag="310"><subfield code="a">Weekly</subfield></datafield><datafield ind1="0" ind2=" " tag="362"><subfield code="a">Vol. 35, no. 35 (Feb. 29, 1924)-</subfield></datafield><datafield ind1=" " ind2=" " tag="500"><subfield code="a">Publishers' names recorded in: Ayers, 1925.</subfield></datafield><datafield ind1=" " ind2=" " tag="515"><subfield code="a">Extra issued during Thanksgiving week, &lt;1969-1983&gt;; extra issued during Christmas week, &lt;1974-75&gt;, &lt;1980-81&gt;.</subfield></datafield><datafield ind1=" " ind2=" " tag="525"><subfield code="a">Supplements accompany some issues.</subfield></datafield><datafield ind1=" " ind2="0" tag="651"><subfield code="a">Springville (Utah)</subfield><subfield code="v">Newspapers.</subfield></datafield><datafield ind1=" " ind2="0" tag="651"><subfield code="a">Utah County (Utah)</subfield><subfield code="v">Newspapers.</subfield></datafield><datafield ind1=" " ind2="7" tag="655"><subfield code="a">Newspapers.</subfield><subfield code="2">fast</subfield><subfield code="0">(OCoLC)fst01423814</subfield></datafield><datafield ind1=" " ind2="7" tag="651"><subfield code="a">Utah</subfield><subfield code="z">Springville.</subfield><subfield code="2">fast</subfield><subfield code="0">(OCoLC)fst01216206</subfield></datafield><datafield ind1=" " ind2="7" tag="651"><subfield code="a">Utah</subfield><subfield code="z">Utah County.</subfield><subfield code="2">fast</subfield><subfield code="0">(OCoLC)fst01207105</subfield></datafield><datafield ind1=" " ind2=" " tag="752"><subfield code="a">United States</subfield><subfield code="b">Utah</subfield><subfield code="c">Utah</subfield><subfield code="d">Springville.</subfield></datafield><datafield ind1="0" ind2="0" tag="780"><subfield code="t">Springville herald-beacon</subfield><subfield code="w">(DLC)sn 86091000</subfield><subfield code="w">(OCoLC)13000307</subfield></datafield></record>